@book{coddington,
    title = {Theory of Ordinary Differential Equations},
    author = {Coddington, E A and Levinson, N},
    address = {New York, Toronto, London},
    publisher = {McGrawâ€“Hill Book Company, Inc.},
    year = 1955
}
